% Literaturquelle: ju -- https://bw1.eu -- 10-Okt-18  -- literatur.bib 
% https://www.zotero.org
% https://scholar.google.de/
% https://www.amazon.de

@online{bosch_training:2018,
	title = {Bosch Kfz Training},
	url = {https://bosch.csod.com/LMS/BrowseTraining/BrowseTraining.aspx?tab_page_id=-6&tab_id=20000660#f=5&o=2},
	author = {Bosch},
	urldate = {2018-05-20}
}

@book{schlosser_latex:2016,
  title={Wissenschaftliche Arbeiten schreiben mit LaTeX: Leitfaden f{\"u}r Einsteiger, 6. Auflage},
  author={Schlosser, J.},
  isbn={9783958455450},
  series={mitp Professional},
  year={2017},
  publisher={mitp}
}

@online{homofaciens_projekt:2018,
	title = {HomoFaciens},
	url = {http://www.homofaciens.de/project_ge.htm},
	author = {Norbert, H.},
	urldate = {2018-05-20}
}

@book{frei_kfzelektrik:2013,
	title={Grundlagen der Fahrzeugelektrik: Basiswissen, Messtechnik, Fehlersuche},
  author={Frei, M.},
  isbn={9783874411172},
  series={Krafthand-Technik},
  year={2013},
  publisher={Krafthand-Verlag Schulz}
}

@online{bartmann:2018,
	title = {Eriks Homepage – Bastel- und Frickelseite für Elektroniker},
	url = {http://erik-bartmann.de/},
	author={Bartmann, E.},
	urldate = {2018-05-20}
}

@book{bartmann_arduino:2017,
	title={Mit Arduino die elektronische Welt entdecken: 3., komplett {\"u}berarbeitete Neuauflage des Arduino-Bestsellers},
  author={Bartmann, E.},
  isbn={9783946496007},
  year={2017},
  publisher={Bombini Verlags GmbH}
}

@online{joos_windows:2018,
	title = {Windows},
	url = {https://thomasjoos.wordpress.com/},
	author={Joos, T.},
	urldate = {2018-05-20}
}

@book{joos_win7:2012,
	title={Microsoft Windows 7, Expertentipps},
  author={Joos, T.},
  isbn={9783866458260},
  year={2012},
  publisher={Microsoft Press}
}

@online{kofler:2018,
	title = {kofler.info},
	url = {https://kofler.info/},
	author = {Kofler, M.},
	urldate = {2018-05-20}
}

@book{kofler_raspberry:2015,
	title={Raspberry Pi: das umfassende Handbuch ; [Grundlagen verstehen, spannende Projekte realisieren ; Schnittstellen des Pi, Schaltungsaufbau, Steuerung mit Python ; Erweiterungen f{\"u}r den Pi: Gertboard, PiFace, Quick2Wire, HATs u.a. in Hardware-Projekten einsetzen ; aktuell zu allen Versionen des Raspberry Pi - inkl. Modell 2]},
  author={Kofler, M. and K{\"u}hnast, C. and Scherbeck, C.},
  isbn={9783836237956},
  series={Rheinwerk Computing},
  year={2015},
  publisher={Rheinwerk}
}

@book{kofler_linux:2017,
	title={Linux: Das umfassende Handbuch von Michael Kofler. F{\"u}r alle aktuellen Distributionen (Desktop und Server)},
  author={Kofler, M.},
  isbn={9783836258548},
  series={Rheinwerk Computing},
  year={2017},
  publisher={Rheinwerk Verlag GmbH}
}

@book{kofler_hacking:2018,
	title={Hacking \& Security: Das umfassende Handbuch},
  author={Kofler, M. and Zingsheim, A. and Gebeshuber, K. and Widl, M. and Aigner, R. and Hackner, T. and Kania, S. and Kloep, P. and Neugebauer, F.},
  isbn={9783836245487},
  series={Rheinwerk Computing},
  year={2018},
  publisher={Rheinwerk Verlag GmbH}
}


@book{kofler_shellbefehle:2016,
	title={Linux Kommandoreferenz: Shell-Befehle von A bis Z},
  author={Kofler, M.},
  isbn={9783836237789},
  series={Rheinwerk Computing},
  year={2016},
  publisher={Rheinwerk Verlag GmbH}
}

@book{kuveler_inf:2009,
	title={Informatik f{\"u}r Ingenieure und Naturwissenschaftler 1: Grundlagen, Programmieren mit C/C++, Gro{\ss}es C/C++-Praktikum},
  author={K{\"u}veler, G. and Schwoch, D.},
  isbn={9783834804600},
  series={Viewegs Fachb{\"u}cher der Technik},
  year={2009},
  publisher={Vieweg+Teubner Verlag}
}

@online{loviscach:2018,
	title = {Informatik Videos},
	url = {https://j3l7h.de/},
	author = {Loviscach, J.},
	urldate = {2018-05-20}
}

@book{riesinger_mathe:2017,
  title={Mathematik f{\"u}r Ingenieure: Eine anschauliche Einf{\"u}hrung f{\"u}r das praxisorientierte Studium},
  author={Rie{\ss}inger, T.},
  isbn={9783662548073},
  year={2017},
  publisher={Springer Berlin Heidelberg}
}

@book{riesinger_inf:2006,
  title={Informatik f{\"u}r Ingenieure und Naturwissenschaftler: Eine anschauliche Einf{\"u}hrung in das Programmieren mit C und Java},
  author={Rie{\ss}inger, T.},
  isbn={9783540294757},
  series={Springer-Lehrbuch},
  year={2006},
  publisher={Springer Berlin Heidelberg}
}


@book{schwichtenberg_ps:2017,
  title={Windows PowerShell 5 und PowerShell Core 6: Das Praxisbuch},
  author={Schwichtenberg, H.},
  isbn={9783446456426},
  year={2018},
  publisher={Carl Hanser Verlag GmbH \& Company KG}
}


@book{heiderich_techn_probleme-c:2016,
	title={Technische Probleme l{\"o}sen mit C/C++: Von der Analyse bis zur Dokumentation},
  author={Heiderich, N. and Meyer, W.},
  isbn={9783446451698},
  year={2016},
  publisher={Carl Hanser Verlag GmbH \& Company KG}
}

@book{will_einfuehrung_c++:2014,
	title = {Einführung in C++},
	author={Will, T.T.},
	isbn = {9783836226776},
	series={Rheinwerk Computing},
	year={2014},
  publisher={Rheinwerk Verlag GmbH}
}

@book{will_handbuch_c++:2018,
  title={C++: Das umfassende Handbuch. Aktuell zu C++17},
  author={Will, T.T.},
  isbn={9783836243605},
  series={Rheinwerk Computing},
  year={2018},
  publisher={Rheinwerk Verlag GmbH}
}


@book{preisel_git:2017,
  title={Git: Dezentrale Versionsverwaltung im Team Grundlagen und Workflows},
  author={Stachmann, B. and Prei{\ss}el, R.},
  isbn={9783864918186},
  year={2015},
  publisher={Dpunkt.verlag}
}


@book{theis_einstieg_c++:2017,
  title={Einstieg in C++},
  author={Theis, T.},
  isbn={9783836245104},
  series={Rheinwerk Computing},
  year={2017},
  publisher={Rheinwerk}
}


@book{theis_einstieg_c:2017,
  title={Einstieg in C: F{\"u}r Programmiereinsteiger geeignet},
  author={Theis, T.},
  isbn={9783836227933},
  series={Galileo Computing},
  year={2017},
  publisher={Rheinwerk Verlag GmbH}
}

@book{theis_einstieg_php:2017,
  title={Einstieg in PHP 7 und MySQL: F{\"u}r Programmieranf{\"a}nger geeignet. Programmieren Sie dynamische Websites mit PHP.},
  author={Theis, T.},
  isbn={9783836244961},
  series={Rheinwerk Computing},
  year={2017},
  publisher={Rheinwerk Verlag GmbH}
}


@book{theis_einstieg_python:2017,
  title={Einstieg in Python},
  author={Theis, T.},
  isbn={9783836245258},
  series={Rheinwerk Computing},
  year={2017},
  publisher={Rheinwerk Verlag GmbH}
}

@book{gaicher_programmieren_c:2012,
	title={Programmieren in C: Programmieren lernen von Anfang an - Mit vielen Programmierbeispielen - Geeignet zum Selbststudium},
  author={Gaicher, H.},
  isbn={9783849118488},
  year={2012},
  publisher={tredition}
}

@book{gaicher_avr_c:2015,
  title={AVR Mikrocontroller - Programmierung in C: Eigene Projekte selbst entwickeln und verstehen},
  author={Gaicher, H.},
  isbn={9783732358540},
  year={2016},
  publisher={tredition}
}

@book{plotzeneder_powerprojekte_c:2013,
	title = {Powerprojekte mit Arduino und C},
	isbn = {978-3-645-65131-8},
	series = {{PC}-Elektronik},
	publisher = {Franzis},
	author = {Plötzeneder, F. and Plötzeneder, A.},
	date = {2013}
}

@book{kuhlee_forensik:2012,
  title={Computer-Forensik Hacks : (Buch mit E-Book)},
  author={Kuhlee, L. and V{\"o}lzow, V.},
  isbn={9783868991215},
  series={Hacks series},
  year={2012},
  publisher={O'Reilly}
}

@book{erickson_hacking:2008,
  title={Hacking: Die Kunst des Exploits},
  author={Erickson, J.},
  isbn={9783898645362},
  year={2008},
  publisher={dpunkt-Verlag}
}

@book{ernesti_python:2015,
  title={Python 3 : das umfassende Handbuch},
  author={Ernesti, J. and Kaiser, P.},
  isbn={9783836236331},
  series={Rheinwerk Computing},
  year={2015},
  publisher={Rheinwerk}
}
