% Literaturquelle: ju -- https://bw1.eu -- 10-Okt-18  -- literatur-laufen.bib 
% https://www.zotero.org
% https://scholar.google.de/
% https://www.amazon.de

@book{lauren_fit_90tage:2014,
  title={Fit ohne Ger{\"a}te: Die 90-Tage-Challenge f{\"u}r M{\"a}nner},
  author={Lauren, M. and Galinski, J.},
  isbn={9783864137822},
  year={2014},
  publisher={Riva}
}

@book{lauren_fit_kraftstoff:2016,
  title={Fit ohne Ger{\"a}te -- Kraftstoff: Die optimale Ern{\"a}hrung f{\"u}r weniger K{\"o}rperfett und mehr Muskeldefinition -- geeignet f{\"u}r M{\"a}nner und Frauen},
  author={Lauren, M. and Greenwood-Robinson, M.},
  isbn={9783959710756},
  year={2016},
  publisher={Riva}
}

@book{lauren_fit:2017,
  title={Fit ohne Ger{\"a}te: Trainieren mit dem eigenen K{\"o}rpergewicht -- Der Weltbestseller komplett {\"u}berarbeitet und in Farbe},
  author={Lauren, M. and Clark, J.},
  isbn={9783959719247},
  year={2017},
  publisher={Riva}
}

@book{marquardt_laufbibel:2015,
  title={Die Laufbibel: das Standardwerk zum gesunden Laufen},
  author={Marquardt, M.},
  isbn={9783955900687},
  series={Natural running},
  year={2015},
  publisher={spomedis}
}
@book{steffny_laufbuch:2006,
  title={Das grosse Laufbuch: alles, was man {\"u}bers Laufen wissen muss ; [bew{\"a}hrte Trainingspl{\"a}ne vom Einstieg bis zum Marathon - Expertenwissen zu Ausr{\"u}stung, Motivation und Ern{\"a}hrung]},
  author={Steffny, H.},
  isbn={9783517067285},
  series={Step by step zum Ziel},
  year={2006},
  publisher={S{\"u}dwest}
}

@book{zeller_hindernis:2017,
  title={Schwei{\ss}, Schlamm und Endorphine: Alles {\"u}ber Extrem-Hindernisl{\"a}ufe und wie man sie meistert - In 12 Wochen fit f{\"u}r den Start},
  author={Hadbawnik, I. and Zeller, R.},
  isbn={9783831258048},
  year={2017},
  publisher={Komplett Media GmbH}
}

% Lauftechnik verbessern
@online{laufstil:2018,
	title = {Laufstil verbessern},
	author={Marquardt, M.},
	url = {https://www.matthias-marquardt.com/lauftechnik/lauftechnik-verbessern/},
	urldate = {2018-05-23}
}

% Fußtraining
@online{fusstraining:2018,
	title = {Fußtraining für verletzungsanfällige Läufer},
	author={Marquardt, M.},
	url = {https://www.matthias-marquardt.com/schuhe-einlagen/fu%C3%9Ftraining/},
	urldate = {2018-05-23}
}

@online{fusstrainingsplan:2018,
	title = {Fußtrainingspläne für verletzte Läufer},
	author={Marquardt, M.},
	url = {https://www.matthias-marquardt.com/running-fitness/trainingspl%C3%A4ne/footperformance/},
	urldate = {2018-05-23}
}

% Trainingsrechner
% Tempo und die Durchgangszeiten Wettkampf
% Schrittfrequenz
% Zeit/Gewicht
% Lauftempo in Min/km, km/h und m/s umrechnen
% Wettkampfzeit
% Pulsbereiche
% Intervallzeiten
% BMI
% Kalorien/Energie
@online{trainingsrechner:2018,
	title = {Trainingsrechner für Läufer},
	author={Marquardt, M.},
	url = {https://www.matthias-marquardt.com/rechner/},
	urldate = {2018-05-23}
}

% Trainingspuls finden
@online{puls_pace:2018,
	title = {Puls \& Pace},
	author={Marquardt, M.},
	url = {https://www.matthias-marquardt.com/running-fitness/trainingspl%C3%A4ne/puls-pace/},
	urldate = {2018-05-23}
}
% Trainingspläne für Einsteiger
@online{trainingsplan_einsteiger:2018,
	title = {Trainingspläne für Einsteiger},
	author={Marquardt, M.},
	url = {https://www.matthias-marquardt.com/running-fitness/trainingspl%C3%A4ne/einsteiger-1/},
	urldate = {2018-05-23}
}

% Trainingspläne für Läufer
% Trainingspläne für Verletzte
@online{trainingsplan_5km:2018,
	title = {Trainingsplan 5 km für Läufer und Verletzte},
	author={Marquardt, M.},
	url = {https://www.matthias-marquardt.com/running-fitness/trainingspl%C3%A4ne/5-km-1/},
	urldate = {2018-05-23}
}

@online{trainingsplan_10km:2018,
	title = {Trainingsplan 10 km für Läufer und Verletzte},
	author={Marquardt, M.},
	url = {https://www.matthias-marquardt.com/running-fitness/trainingspl%C3%A4ne/10-km/},
	urldate = {2018-05-23}
}

@online{trainingsplan_21km:2018,
	title = {Trainingsplan 21,1 km für Läufer und Verletzte},
	author={Marquardt, M.},
	url = {https://www.matthias-marquardt.com/running-fitness/trainingspl%C3%A4ne/21-1-km/},
	urldate = {2018-05-23}
}

@online{trainingsplan_42km:2018,
	title = {Trainingsplan 42,2 km für Läufer und Verletzte},
	author={Marquardt, M.},
	url = {https://www.matthias-marquardt.com/running-fitness/trainingspl%C3%A4ne/42-2-km/},
	urldate = {2018-05-23}
}

% Athletik
@online{koordinationstraining_einsteiger:2018,
	title = {Koordinationstraining für Laufeinsteiger},
	author={Marquardt, M.},
	url = {https://www.matthias-marquardt.com/athletik/einsteiger/},
	urldate = {2018-05-23}
}

@online{koordinationstraining_laufen:2018,
	title = {Koordinationstraining Laufen},
	author={Marquardt, M.},
	url = {https://www.matthias-marquardt.com/athletik/l%C3%A4ufer/},
	urldate = {2018-05-23}
}

@online{ruecken_uebung:2018,
	title = {Rücken Übungen bei Verletzungen},
	author={Marquardt, M.},
	url = {https://www.matthias-marquardt.com/athletik/verletzte/r%C3%BCcken-isg-h%C3%BCfte/},
	urldate = {2018-05-23}
}

@online{knie_uebung:2018,
	title = {Knie Übungen bei Verletzungen},
	author={Marquardt, M.},
	url = {https://www.matthias-marquardt.com/athletik/verletze/knie-tractus/},
	urldate = {2018-05-23}
}

@online{fuss_uebung:2018,
	title = {Fuß Übungen bei Verletzungen},
	author={Marquardt, M.},
	url = {https://www.matthias-marquardt.com/athletik/verletze/fu%C3%9F-unterschenkel/},
	urldate = {2018-05-23}
}

% Sport Verletzung
@online{schmerzendes_knie:2018,
	title = {Schmerzendes Läuferknie},
	author={Marquardt, M.},
	url = {https://www.matthias-marquardt.com/verletzungen/l%C3%A4uferknie/},
	urldate = {2018-05-23}
}

@online{verletzte_achilles:2018,
	title = {Verletzte Achillessehne: Laufen?},
	author={Marquardt, M.},
	url = {https://www.matthias-marquardt.com/verletzungen/achillessehne/},
	urldate = {2018-05-23}
}

% Sport Check-up
@online{sportmedizinischer_test:2018,
	title = {Sportmedizinischer Test},
	author={Marquardt, M.},
	url = {https://www.matthias-marquardt.com/sport-und-check-up-medizin/check-ups/},
	urldate = {2018-05-23}
}

@online{bewegungsanalyse:2018,
	title = {Laufbandanalyse \& Bewegungsanalyse},
	author={Marquardt, M.},
	url = {https://www.matthias-marquardt.com/sport-und-check-up-medizin/gang-und-laufanalyse/},
	urldate = {2018-05-23}
}

@online{leistungsdiagnostik:2018,
	title = {Leistungsdiagnostik für Läufer},
	author={Marquardt, M.},
	url = {https://www.matthias-marquardt.com/sport-und-check-up-medizin/leistungsdiagnostik/},
	urldate = {2018-05-23}
}

@online{laufschuh-beratungssysteme:2018,
	title = {Laufschuh-Beratungssysteme},
	author={Marquardt, M.},
	url = {https://www.matthias-marquardt.com/schuhe-einlagen/beratungssysteme/},
	urldate = {2018-05-23}
}

